<?xml version="1.0" encoding="UTF-8"?><record xmlns="http://www.loc.gov/MARC21/slim" xmlns:cinclude="http://apache.org/cocoon/include/1.0" xmlns:zs="http://www.loc.gov/zing/srw/">
  <leader>00521nz  a2200121n  4500</leader>
  <controlfield tag="001">n 2001055685</controlfield>
  <controlfield tag="003">DLC</controlfield>
  <controlfield tag="005">20011130125444.0</controlfield>
  <controlfield tag="008">011130n| acannaabn          |n aaa      </controlfield>
  <datafield tag="010" ind1=" " ind2=" ">
    <subfield code="a">n 2001055685</subfield>
  </datafield>
  <datafield tag="040" ind1=" " ind2=" ">
    <subfield code="a">DLC</subfield>
    <subfield code="b">eng</subfield>
    <subfield code="c">DLC</subfield>
  </datafield>
  <datafield tag="100" ind1="1" ind2=" ">
    <subfield code="a">Gilvertson, Heather</subfield>
  </datafield>
  <datafield tag="670" ind1=" " ind2=" ">
    <subfield code="a">The glucose revolution pocket guide to the glycemic index and healthy kids, c2001:</subfield>
    <subfield code="b">t.p. (Heather Gilbertson; B.SC; grad. Dip. Diet; grad. Cert. Diab. Ed.; APD) p. 108 (w. Women's and Children's Health Care Network, Royal Children's Hospital Campus, Melbourne)</subfield>
  </datafield>
</record>